

@article{Braunstein2005,
   author = {Braunstein, Samuel L. and van Loock, Peter},
   title = {Quantum information with continuous variables},
   journal = {Reviews of Modern Physics},
   volume = {77},
   number = {2},
   pages = {513-577},
   url = {http://link.aps.org/doi/10.1103/RevModPhys.77.513},
   year = {2005},
   type = {Journal Article}
}

@article{PhysRev.40.749,
  title = {On the Quantum Correction For Thermodynamic Equilibrium},
  author = {Wigner, E.},
  journal = {Phys. Rev.},
  volume = {40},
  issue = {5},
  pages = {749--759},
  numpages = {0},
  year = {1932},
  month = {Jun},
  publisher = {American Physical Society},
  doi = {10.1103/PhysRev.40.749},
  url = {http://link.aps.org/doi/10.1103/PhysRev.40.749}
}


@article{PhysRevLett.73.58,
  title = {Experimental realization of any discrete unitary operator},
  author = {Reck, Michael and Zeilinger, Anton and Bernstein, Herbert J. and Bertani, Philip},
  journal = {Phys. Rev. Lett.},
  volume = {73},
  issue = {1},
  pages = {58--61},
  numpages = {0},
  year = {1994},
  month = {Jul},
  publisher = {American Physical Society},
  doi = {10.1103/PhysRevLett.73.58},
  url = {http://link.aps.org/doi/10.1103/PhysRevLett.73.58}
}



@article{PhysRev.47.777,
  title = {Can Quantum-Mechanical Description of Physical Reality Be Considered Complete?},
  author = {Einstein, A. and Podolsky, B. and Rosen, N.},
  journal = {Phys. Rev.},
  volume = {47},
  issue = {10},
  pages = {777--780},
  numpages = {0},
  year = {1935},
  month = {May},
  publisher = {American Physical Society},
  doi = {10.1103/PhysRev.47.777},
  url = {http://link.aps.org/doi/10.1103/PhysRev.47.777}
}


@article{PhysRevLett.77.1413,
  title = {Separability Criterion for Density Matrices},
  author = {Peres, Asher},
  journal = {Phys. Rev. Lett.},
  volume = {77},
  issue = {8},
  pages = {1413--1415},
  numpages = {0},
  year = {1996},
  month = {Aug},
  publisher = {American Physical Society},
  doi = {10.1103/PhysRevLett.77.1413},
  url = {http://link.aps.org/doi/10.1103/PhysRevLett.77.1413}
}


@article{PhysRevLett.87.167904,
  title = {Entanglement Criteria for All Bipartite Gaussian States},
  author = {Giedke, G. and Kraus, B. and Lewenstein, M. and Cirac, J. I.},
  journal = {Phys. Rev. Lett.},
  volume = {87},
  issue = {16},
  pages = {167904},
  numpages = {4},
  year = {2001},
  month = {Oct},
  publisher = {American Physical Society},
  doi = {10.1103/PhysRevLett.87.167904},
  url = {http://link.aps.org/doi/10.1103/PhysRevLett.87.167904}
}


@article{PhysRevLett.84.2726,
  title = {Peres-Horodecki Separability Criterion for Continuous Variable Systems},
  author = {Simon, R.},
  journal = {Phys. Rev. Lett.},
  volume = {84},
  issue = {12},
  pages = {2726--2729},
  numpages = {0},
  year = {2000},
  month = {Mar},
  publisher = {American Physical Society},
  doi = {10.1103/PhysRevLett.84.2726},
  url = {http://link.aps.org/doi/10.1103/PhysRevLett.84.2726}
}



@article{PhysRevLett.84.2722,
  title = {Inseparability Criterion for Continuous Variable Systems},
  author = {Duan, Lu-Ming and Giedke, G. and Cirac, J. I. and Zoller, P.},
  journal = {Phys. Rev. Lett.},
  volume = {84},
  issue = {12},
  pages = {2722--2725},
  numpages = {0},
  year = {2000},
  month = {Mar},
  publisher = {American Physical Society},
  doi = {10.1103/PhysRevLett.84.2722},
  url = {http://link.aps.org/doi/10.1103/PhysRevLett.84.2722}
}


@article{PhysRevLett.70.363,
  title = {Ultimate information carrying limit of quantum systems},
  author = {Yuen, Horace P. and Ozawa, Masanao},
  journal = {Phys. Rev. Lett.},
  volume = {70},
  issue = {4},
  pages = {363--366},
  numpages = {0},
  year = {1993},
  month = {Jan},
  publisher = {American Physical Society},
  doi = {10.1103/PhysRevLett.70.363},
  url = {http://link.aps.org/doi/10.1103/PhysRevLett.70.363}
}


@article{PhysRevLett.80.4084,
  title = {Error Correction for Continuous Quantum Variables},
  author = {Braunstein, Samuel L.},
  journal = {Phys. Rev. Lett.},
  volume = {80},
  issue = {18},
  pages = {4084--4087},
  numpages = {0},
  year = {1998},
  month = {May},
  publisher = {American Physical Society},
  doi = {10.1103/PhysRevLett.80.4084},
  url = {http://link.aps.org/doi/10.1103/PhysRevLett.80.4084}
}

@article{nature.10.1038.27850,
   author = {Braunstein, Samuel L.},
   title = {Quantum error correction for communication with linear optics},
   journal = {Nature},
   volume = {394},
   number = {6688},
   pages = {47-49},
   ISSN = {0028-0836},
   url = {http://dx.doi.org/10.1038/27850},
   year = {1998},
   type = {Journal Article}
}



@article{PhysRevA.64.012310,
  title = {Encoding a qubit in an oscillator},
  author = {Gottesman, Daniel and Kitaev, Alexei and Preskill, John},
  journal = {Phys. Rev. A},
  volume = {64},
  issue = {1},
  pages = {012310},
  numpages = {21},
  year = {2001},
  month = {Jun},
  publisher = {American Physical Society},
  doi = {10.1103/PhysRevA.64.012310},
  url = {http://link.aps.org/doi/10.1103/PhysRevA.64.012310}
}

@article {Deutsch669,
   author = {Deutsch, David and Barenco, Adriano and Ekert, Artur},
   title = {Universality in Quantum Computation},
   volume = {449},
   number = {1937},
   pages = {669--677},
   year = {1995},
   doi = {10.1098/rspa.1995.0065},
   publisher = {The Royal Society},
   abstract = {We show that in quantum computation almost every gate that operates on two or more bits is a universal gate. We discuss various physical considerations bearing on the proper definition of universality for computational components such as logic gates.},
   issn = {0962-8444},
   journal = {Proceedings of the Royal Society of London A: Mathematical, Physical and Engineering Sciences}
}

@Article{Zeng2015,
author={Zeng, Bei
and Chen, Xie
and Zhou, Duan-Lu
and Wen, Xiao-Gang},
title={Quantum Information Meets Quantum Matter -- From Quantum Entanglement to  Topological Phase in Many-Body Systems},
journal={arXiv:1508.02595},
year={2015},
abstract={This is the draft version of a textbook, which aims to introduce the quantum information science viewpoints on condensed matter physics to graduate students in physics (or interested researchers). We keep the writing in a self-consistent way, requiring minimum background in quantum information science. Basic knowledge in undergraduate quantum physics and condensed matter physics is assumed. We start slowly from the basic ideas in quantum information theory, but wish to eventually bring the readers to the frontiers of research in condensed matter physics, including topological phases of matter, tensor networks, and symmetry-protected topological phases.},
url={http://arXiv.org/abs/1508.02595}
}
