
@article{Aspelmeyer2014,
   author = {Aspelmeyer, Markus and Kippenberg, Tobias J. and Marquardt, Florian},
   title = {Cavity optomechanics},
   journal = {Reviews of Modern Physics},
   volume = {86},
   number = {4},
   pages = {1391-1452},
   note = {RMP},
   url = {http://link.aps.org/doi/10.1103/RevModPhys.86.1391},
   year = {2014},
   type = {Journal Article}
}

