%!TEX root = ../main.tex

@article{divincenzo2000physical,
  title={The physical implementation of quantum computation},
  author={DiVincenzo, David P and others},
  journal={arXiv preprint quant-ph/0002077},
  year={2000}
}


@article{feynman1982simulating,
  title={Simulating physics with computers},
  author={Feynman, Richard P},
  journal={International journal of theoretical physics},
  volume={21},
  number={6},
  pages={467--488},
  year={1982},
  publisher={Springer}
}

@misc{nielsen2002quantum,
  title={Quantum computation and quantum information},
  author={Nielsen, Michael A and Chuang, Isaac},
  year={2002},
  publisher={AAPT}
}

@inproceedings{shor1994algorithms,
  title={Algorithms for quantum computation: Discrete logarithms and factoring},
  author={Shor, Peter W},
  booktitle={Foundations of Computer Science, 1994 Proceedings., 35th Annual Symposium on},
  pages={124--134},
  year={1994},
  organization={IEEE}
}


@inproceedings{grover1996fast,
  title={A fast quantum mechanical algorithm for database search},
  author={Grover, Lov K},
  booktitle={Proceedings of the twenty-eighth annual ACM symposium on Theory of computing},
  pages={212--219},
  year={1996},
  organization={ACM}
}


@inproceedings{bennett1984quantum,
  title={Quantum Cryptography: Public Key Distribution and Coin Tossing},
  author={Bennett, CH},
  booktitle={Proc. of IEEE Int. Conf. on Computers, Systems and Signal Processing, 1984},
  year={1984}
}


@article{haffner2008quantum,
  title={Quantum computing with trapped ions},
  author={H{\"a}ffner, Hartmut and Roos, Christian F and Blatt, Rainer},
  journal={Physics reports},
  volume={469},
  number={4},
  pages={155--203},
  year={2008},
  publisher={Elsevier}
}



@article{loss1998quantum,
  title={Quantum computation with quantum dots},
  author={Loss, Daniel and DiVincenzo, David P},
  journal={Physical Review A},
  volume={57},
  number={1},
  pages={120},
  year={1998},
  publisher={APS}
}

@article{gershenfeld1997bulk,
  title={Bulk spin-resonance quantum computation},
  author={Gershenfeld, Neil A and Chuang, Isaac L},
  journal={science},
  volume={275},
  number={5298},
  pages={350--356},
  year={1997},
  publisher={American Association for the Advancement of Science}
}

@article{devoret2013superconducting,
  title={Superconducting circuits for quantum information: an outlook},
  author={Devoret, Michel H and Schoelkopf, Robert J},
  journal={Science},
  volume={339},
  number={6124},
  pages={1169--1174},
  year={2013},
  publisher={American Association for the Advancement of Science}
}


@article{kok2007linear,
  title={Linear optical quantum computing with photonic qubits},
  author={Kok, Pieter and Munro, William J and Nemoto, Kae and Ralph, Timothy C and Dowling, Jonathan P and Milburn, Gerard J},
  journal={Reviews of Modern Physics},
  volume={79},
  number={1},
  pages={135},
  year={2007},
  publisher={APS}
}


@phdthesis{schuster2007circuit,
  title={Circuit quantum electrodynamics},
  author={Schuster, David Isaac},
  year={2007}
}

@article{koch2007charge,
  title={Charge-insensitive qubit design derived from the Cooper pair box},
  author={Koch, Jens and Terri, M Yu and Gambetta, Jay and Houck, Andrew A and Schuster, DI and Majer, J and Blais, Alexandre and Devoret, Michel H and Girvin, Steven M and Schoelkopf, Robert J},
  journal={Physical Review A},
  volume={76},
  number={4},
  pages={042319},
  year={2007},
  publisher={APS}
}


@article{grezes2016towards,
  title={Towards a spin-ensemble quantum memory for superconducting qubits},
  author={Gr{\`e}zes, C{\'e}cile and Kubo, Yuimaru and Julsgaard, Brian and Umeda, Takahide and Isoya, Junichi and Sumiya, Hitoshi and Abe, Hiroshi and Onoda, Shinobu and Ohshima, Takeshi and Nakamura, Kazuo and others},
  journal={Comptes Rendus Physique},
  volume={17},
  number={7},
  pages={693--704},
  year={2016},
  publisher={Elsevier}
}


@book{kelly2015fault,
  title={Fault-tolerant superconducting qubits},
  author={Kelly, Julian S},
  year={2015}
}


@book{krantz2010investigation,
  title={Investigation of transmon qubit designs: a study of plasma frequency predictability},
  author={Krantz, Philip},
  year={2010},
  publisher={Chalmers University of Technology}
}



@article{weber2016quantum,
  title={Quantum trajectories of superconducting qubits},
  author={Weber, Steven J and Murch, Kater W and Kimchi-Schwartz, Mollie E and Roch, Nicolas and Siddiqi, Irfan},
  journal={Comptes Rendus Physique},
  volume={17},
  number={7},
  pages={766--777},
  year={2016},
  publisher={Elsevier}
}


@article{tavis1968exact,
  title={Exact solution for an N-molecule-radiation-field Hamiltonian},
  author={Tavis, Michael and Cummings, Frederick W},
  journal={Physical Review},
  volume={170},
  number={2},
  pages={379},
  year={1968},
  publisher={APS}
}

@article{sarabi2017prospective,
  title={Prospective two orders of magnitude enhancement in direct magnetic coupling of a single-atom spin to a circuit resonator},
  author={Sarabi, Bahman and Huang, Peihao and Zimmerman, Neil M},
  journal={arXiv preprint arXiv:1702.02210},
  year={2017}
}

@article{Angerer2016,
   author = {Angerer, Andreas and Astner, Thomas and Wirtitsch, Daniel and Sumiya, Hitoshi and Onoda, Shinobu and Isoya, Junichi and Putz, Stefan and Majer, Johannes},
   title = {Collective strong coupling with homogeneous Rabi frequencies using a 3D lumped element microwave resonator},
   journal = {Applied Physics Letters},
   volume = {109},
   number = {3},
   pages = {033508},
   DOI = {10.1063/1.4959095},
   url = {http://aip.scitation.org/doi/abs/10.1063/1.4959095},
   year = {2016},
   type = {Journal Article}
}


@article{PhysRevA.95.022306,
  title = {Proposal for detecting a single electron spin in a microwave resonator},
  author = {Haikka, P. and Kubo, Y. and Bienfait, A. and Bertet, P. and M{\o}lmer, K.},
  journal = {Phys. Rev. A},
  volume = {95},
  issue = {2},
  pages = {022306},
  numpages = {10},
  year = {2017},
  month = {Feb},
  publisher = {American Physical Society},
  doi = {10.1103/PhysRevA.95.022306},
  url = {https://link.aps.org/doi/10.1103/PhysRevA.95.022306}
}



@article{kubo2010,
   author = {Kubo, Y. and Ong, F. R. and Bertet, P. and Vion, D. and Jacques, V. and Zheng, D. and Dr{\'e}au, A. and Roch, J. F. and Auffeves, A. and Jelezko, F. and Wrachtrup, J. and Barthe, M. F. and Bergonzo, P. and Esteve, D.},
   title = {Strong Coupling of a Spin Ensemble to a Superconducting Resonator},
   journal = {Physical Review Letters},
   volume = {105},
   number = {14},
   pages = {140502},
   note = {PRL},
   url = {http://link.aps.org/doi/10.1103/PhysRevLett.105.140502},
   year = {2010},
   type = {Journal Article}
}

@article{Schuster2010,
   author = {Schuster, D. I. and Sears, A. P. and Ginossar, E. and DiCarlo, L. and Frunzio, L. and Morton, J. J. L. and Wu, H. and Briggs, G. A. D. and Buckley, B. B. and Awschalom, D. D. and Schoelkopf, R. J.},
   title = {High-Cooperativity Coupling of Electron-Spin Ensembles to Superconducting Cavities},
   journal = {Physical Review Letters},
   volume = {105},
   number = {14},
   pages = {140501},
   note = {PRL},
   url = {https://link.aps.org/doi/10.1103/PhysRevLett.105.140501},
   year = {2010},
   type = {Journal Article}
}



@article{Mark2013,
   author = {Mark, Jenkins and Thomas, H{\"u}mmer and Mar{\'i}a Jos{\'e}, Mart{\'i}nez-P{\'e}rez and Juanjo, Garc{\'i}a-Ripoll and David, Zueco and Fernando, Luis},
   title = {Coupling single-molecule magnets to quantum circuits},
   journal = {New Journal of Physics},
   volume = {15},
   number = {9},
   pages = {095007},
   ISSN = {1367-2630},
   url = {http://stacks.iop.org/1367-2630/15/i=9/a=095007},
   year = {2013},
   type = {Journal Article}
}


@article{Tosi2014,
   author = {Tosi, Guilherme and Mohiyaddin, Fahd A. and Huebl, Hans and Morello, Andrea},
   title = {Circuit-quantum electrodynamics with direct magnetic coupling to single-atom spin qubits in isotopically enriched 28Si},
   journal = {AIP Advances},
   volume = {4},
   number = {8},
   pages = {087122},
   DOI = {doi:http://dx.doi.org/10.1063/1.4893242},
   url = {http://scitation.aip.org/content/aip/journal/adva/4/8/10.1063/1.4893242},
   year = {2014},
   type = {Journal Article}
}



@article{Bienfait2016a,
   author = {Bienfait, A. and Pla, J. J. and Kubo, Y. and Stern, M. and Zhou, X. and Lo, C. C. and Weis, C. D. and Schenkel, T. and Thewalt, M. L. W. and Vion, D. and Esteve, D. and Julsgaard, B. and Mlmer, K. and Morton, J. J. L. and Bertet, P.},
   title = {Reaching the quantum limit of sensitivity in electron spin resonance},
   journal = {Nat Nano},
   volume = {11},
   number = {3},
   pages = {253-257},
   ISSN = {1748-3387},
   DOI = {10.1038/nnano.2015.282
http://www.nature.com/nnano/journal/v11/n3/abs/nnano.2015.282.html#supplementary-information},
   url = {http://dx.doi.org/10.1038/nnano.2015.282},
   year = {2016},
   type = {Journal Article}
}



@article{Khalil2012,
   author = {Khalil, M. S. and Stoutimore, M. J. A. and Wellstood, F. C. and Osborn, K. D.},
   title = {An analysis method for asymmetric resonator transmission applied to superconducting devices},
   journal = {Journal of Applied Physics},
   volume = {111},
   number = {5},
   pages = {054510},
   DOI = {10.1063/1.3692073},
   url = {http://aip.scitation.org/doi/abs/10.1063/1.3692073},
   year = {2012},
   type = {Journal Article}
}

@article{Megrant2012,
   author = {Megrant, A. and Neill, C. and Barends, R. and Chiaro, B. and Chen, Yu and Feigl, L. and Kelly, J. and Lucero, Erik and Mariantoni, Matteo and O'Malley, P. J. J. and Sank, D. and Vainsencher, A. and Wenner, J. and White, T. C. and Yin, Y. and Zhao, J. and Palmstr{\"o}m, C. J. and Martinis, John M. and Cleland, A. N.},
   title = {Planar superconducting resonators with internal quality factors above one million},
   journal = {Applied Physics Letters},
   volume = {100},
   number = {11},
   pages = {113510},
   DOI = {doi:http://dx.doi.org/10.1063/1.3693409},
   url = {http://scitation.aip.org/content/aip/journal/apl/100/11/10.1063/1.3693409},
   year = {2012},
   type = {Journal Article}
}




@article{Bruno2015,
   author = {Bruno, A. and Lange, G. de and Asaad, S. and Enden, K. L. van der and Langford, N. K. and DiCarlo, L.},
   title = {Reducing intrinsic loss in superconducting resonators by surface treatment and deep etching of silicon substrates},
   journal = {Applied Physics Letters},
   volume = {106},
   number = {18},
   pages = {182601},
   DOI = {10.1063/1.4919761},
   url = {http://aip.scitation.org/doi/abs/10.1063/1.4919761},
   year = {2015},
   type = {Journal Article}
}





@article{Astner2017,
   author = {Astner, T. and Nevlacsil, S. and Peterschofsky, N. and Angerer, A. and Rotter, S. and Putz, S. and Schmiedmayer, J. and Majer, J.},
   title = {Coherent Coupling of Remote Spin Ensembles via a Cavity Bus},
   journal = {Physical Review Letters},
   volume = {118},
   number = {14},
   pages = {140502},
   note = {PRL},
   url = {https://link.aps.org/doi/10.1103/PhysRevLett.118.140502},
   year = {2017},
   type = {Journal Article}
}

@article{Benningshof2013,
   author = {Benningshof, O. W. B. and Mohebbi, H. R. and Taminiau, I. A. J. and Miao, G. X. and Cory, D. G.},
   title = {Superconducting microstrip resonator for pulsed ESR of thin films},
   journal = {Journal of Magnetic Resonance},
   volume = {230},
   pages = {84-87},
   ISSN = {1090-7807},
   DOI = {http://dx.doi.org/10.1016/j.jmr.2013.01.010},
   url = {http://www.sciencedirect.com/science/article/pii/S1090780713000244},
   year = {2013},
   type = {Journal Article}
}

@article{Bienfait2016b,
   author = {Bienfait, A. and Pla, J. J. and Kubo, Y. and Zhou, X. and Stern, M. and Lo, C. C. and Weis, C. D. and Schenkel, T. and Vion, D. and Esteve, D. and Morton, J. J. L. and Bertet, P.},
   title = {Controlling spin relaxation with a cavity},
   journal = {Nature},
   volume = {531},
   number = {7592},
   pages = {74-77},
   ISSN = {0028-0836},
   DOI = {10.1038/nature16944},
   url = {http://dx.doi.org/10.1038/nature16944},
   year = {2016},
   type = {Journal Article}
}


@article{Dutt2007,
   author = {Dutt, M. V. Gurudev and Childress, L. and Jiang, L. and Togan, E. and Maze, J. and Jelezko, F. and Zibrov, A. S. and Hemmer, P. R. and Lukin, M. D.},
   title = {Quantum Register Based on Individual Electronic and Nuclear Spin Qubits in Diamond},
   journal = {Science},
   volume = {316},
   number = {5829},
   pages = {1312},
   url = {http://science.sciencemag.org/content/316/5829/1312.abstract},
   year = {2007},
   type = {Journal Article}
}




@article{Eichler2017,
   author = {Eichler, C. and Sigillito, A. J. and Lyon, S. A. and Petta, J. R.},
   title = {Electron Spin Resonance at the Level of $1{0}^{4}$ Spins Using Low Impedance Superconducting Resonators},
   journal = {Physical Review Letters},
   volume = {118},
   number = {3},
   pages = {037701},
   note = {PRL},
   url = {https://link.aps.org/doi/10.1103/PhysRevLett.118.037701},
   year = {2017},
   type = {Journal Article}
}




@article{Jenkins2014,
   author = {Jenkins, Mark David and Naether, Uta and Ciria, Miguel and Ses{\'e}, Javier and Atkinson, James and S{\'a}nchez-Azqueta, Carlos and Barco, Enrique del and Majer, Johannes and Zueco, David and Luis, Fernando},
   title = {Nanoscale constrictions in superconducting coplanar waveguide resonators},
   journal = {Applied Physics Letters},
   volume = {105},
   number = {16},
   pages = {162601},
   DOI = {doi:http://dx.doi.org/10.1063/1.4899141},
   url = {http://scitation.aip.org/content/aip/journal/apl/105/16/10.1063/1.4899141},
   year = {2014},
   type = {Journal Article}
}


@article{Kubo2012,
   author = {Kubo, Y. and Diniz, I. and Dewes, A. and Jacques, V. and Dr{\'e}au, A. and Roch, J. F. and Auffeves, A. and Vion, D. and Esteve, D. and Bertet, P.},
   title = {Storage and retrieval of a microwave field in a spin ensemble},
   journal = {Physical Review A},
   volume = {85},
   number = {1},
   pages = {012333},
   note = {PRA},
   url = {http://link.aps.org/doi/10.1103/PhysRevA.85.012333},
   year = {2012},
   type = {Journal Article}
}



@article{Imamoglu2009,
   author = {Imamo{\v{g}}lu, Atac},
   title = {Cavity QED Based on Collective Magnetic Dipole Coupling: Spin Ensembles as Hybrid Two-Level Systems},
   journal = {Physical Review Letters},
   volume = {102},
   number = {8},
   pages = {083602},
   note = {PRL},
   url = {http://link.aps.org/doi/10.1103/PhysRevLett.102.083602},
   year = {2009},
   type = {Journal Article}
}














@article{Marcos2010,
   author = {Marcos, D. and Wubs, M. and Taylor, J. M. and Aguado, R. and Lukin, M. D. and S{\o}rensen, A. S.},
   title = {Coupling Nitrogen-Vacancy Centers in Diamond to Superconducting Flux Qubits},
   journal = {Physical Review Letters},
   volume = {105},
   number = {21},
   pages = {210501},
   note = {PRL},
   url = {http://link.aps.org/doi/10.1103/PhysRevLett.105.210501},
   year = {2010},
   type = {Journal Article}
}

@article{Mohebbi2014,
   author = {Mohebbi, H. R. and Benningshof, O. W. B. and Taminiau, I. A. J. and Miao, G. X. and Cory, D. G.},
   title = {Composite arrays of superconducting microstrip line resonators},
   journal = {Journal of Applied Physics},
   volume = {115},
   number = {9},
   pages = {094502},
   DOI = {doi:http://dx.doi.org/10.1063/1.4866691},
   year = {2014},
   type = {Journal Article}
}


@article{Zhu2011,
   author = {Zhu, Xiaobo and Saito, Shiro and Kemp, Alexander and Kakuyanagi, Kosuke and Karimoto, Shin-ichi and Nakano, Hayato and Munro, William J and Tokura, Yasuhiro and Everitt, Mark S and Nemoto, Kae},
   title = {Coherent coupling of a superconducting flux qubit to an electron spin ensemble in diamond},
   journal = {Nature},
   volume = {478},
   number = {7368},
   pages = {221-224},
   ISSN = {0028-0836},
   year = {2011},
   type = {Journal Article}
}

@article{Wesenberg2009,
   author = {Wesenberg, J. H. and Ardavan, A. and Briggs, G. A. D. and Morton, J. J. L. and Schoelkopf, R. J. and Schuster, D. I. and M{\o}lmer, K.},
   title = {Quantum Computing with an Electron Spin Ensemble},
   journal = {Physical Review Letters},
   volume = {103},
   number = {7},
   pages = {070502},
   note = {PRL},
   url = {http://link.aps.org/doi/10.1103/PhysRevLett.103.070502},
   year = {2009},
   type = {Journal Article}
}






@article{Wu2010,
   author = {Wu, Hua and George, Richard E. and Wesenberg, Janus H. and M{\o}lmer, Klaus and Schuster, David I. and Schoelkopf, Robert J. and Itoh, Kohei M. and Ardavan, Arzhang and Morton, John J. L. and Briggs, G. Andrew D.},
   title = {Storage of Multiple Coherent Microwave Excitations in an Electron Spin Ensemble},
   journal = {Physical Review Letters},
   volume = {105},
   number = {14},
   pages = {140503},
   note = {PRL},
   url = {http://link.aps.org/doi/10.1103/PhysRevLett.105.140503},
   year = {2010},
   type = {Journal Article}
}




@online{QDDynaCool,
  author =      {{Quantum Design, Inc.}},
  title =       {PPMS DynaCool},
  citedate =    {2017-5-24},
  url =         {http://www.qd-china.com/products2.aspx?id=45},
}


@phdthesis{Geerlings2013,
   author = {Geerlings, Kurtis Lee},
   title = {Improving coherence of superconducting qubits and resonators},
   year = {2013},
   type = {Thesis}
}

@article{Barends2010APL,
   author = {Barends, R. and Vercruyssen, N. and Endo, A. and Visser, P. J. de and Zijlstra, T. and Klapwijk, T. M. and Diener, P. and Yates, S. J. C. and Baselmans, J. J. A.},
   title = {Minimal resonator loss for circuit quantum electrodynamics},
   journal = {Applied Physics Letters},
   volume = {97},
   number = {2},
   pages = {023508},
   DOI = {10.1063/1.3458705},
   url = {http://aip.scitation.org/doi/abs/10.1063/1.3458705},
   year = {2010},
   type = {Journal Article}
}

@article{Wallraff2004Nature,
   author = {Wallraff, Andreas and Schuster, David I and Blais, Alexandre and Frunzio, L and Huang, R-S and Majer, J and Kumar, S and Girvin, Steven M and Schoelkopf, Robert J},
   title = {Strong coupling of a single photon to a superconducting qubit using circuit quantum electrodynamics},
   journal = {Nature},
   volume = {431},
   number = {7005},
   pages = {162-167},
   ISSN = {0028-0836},
   year = {2004},
   type = {Journal Article}
}

@article{Day2003,
   author = {Day, Peter K. and LeDuc, Henry G. and Mazin, Benjamin A. and Vayonakis, Anastasios and Zmuidzinas, Jonas},
   title = {A broadband superconducting detector suitable for use in large arrays},
   journal = {Nature},
   volume = {425},
   number = {6960},
   pages = {817-821},
   note = {10.1038/nature02037},
   ISSN = {0028-0836},
   url = {http://dx.doi.org/10.1038/nature02037},
   year = {2003},
   type = {Journal Article}
}

@phdthesis{Gao2008Thesis,
   author = {Gao, Jiansong},
   title = {The Physics of Superconducting Microwave Resonators},
   year = {2008},
   type = {Thesis}
}






@article{Blais2007,
   author = {Blais, Alexandre and Gambetta, Jay and Wallraff, A. and Schuster, D. I. and Girvin, S. M. and Devoret, M. H. and Schoelkopf, R. J.},
   title = {Quantum-information processing with circuit quantum electrodynamics},
   journal = {Physical Review A},
   volume = {75},
   number = {3},
   pages = {032329},
   note = {PRA},
   url = {http://link.aps.org/doi/10.1103/PhysRevA.75.032329},
   year = {2007},
   type = {Journal Article}
}

@article{Blais2004,
   author = {Blais, Alexandre and Huang, Ren-Shou and Wallraff, Andreas and Girvin, S. M. and Schoelkopf, R. J.},
   title = {Cavity quantum electrodynamics for superconducting electrical circuits: An architecture for quantum computation},
   journal = {Physical Review A},
   volume = {69},
   number = {6},
   pages = {062320},
   note = {PRA},
   url = {http://link.aps.org/doi/10.1103/PhysRevA.69.062320},
   year = {2004},
   type = {Journal Article}
}

@book{cardarelli2008materials,
  title={Materials Handbook: A Concise Desktop Reference},
  author={Cardarelli, F.},
  isbn={9781846286698},
  lccn={2008921525},
  url={https://books.google.com/books?id=PvU-qbQJq7IC},
  year={2008},
  publisher={Springer London}
}


@article{Bothner2012,
   author = {Bothner, D. and Gaber, T. and Kemmler, M. and Koelle, D. and Kleiner, R. and Wünsch, S. and Siegel, M.},
   title = {Magnetic hysteresis effects in superconducting coplanar microwave resonators},
   journal = {Physical Review B},
   volume = {86},
   number = {1},
   pages = {014517},
   note = {PRB},
   url = {https://link.aps.org/doi/10.1103/PhysRevB.86.014517},
   year = {2012},
   type = {Journal Article}
}

@article{Song2009,
   author = {Song, C. and Heitmann, T. W. and DeFeo, M. P. and Yu, K. and McDermott, R. and Neeley, M. and Martinis, John M. and Plourde, B. L. T.},
   title = {Microwave response of vortices in superconducting thin films of Re and Al},
   journal = {Physical Review B},
   volume = {79},
   number = {17},
   pages = {174512},
   note = {PRB},
   url = {https://link.aps.org/doi/10.1103/PhysRevB.79.174512},
   year = {2009},
   type = {Journal Article}
}

@article{Wenner2011,
   author = {Wenner, J. and Neeley, M. and Radoslaw, C. Bialczak and Lenander, M. and Erik, Lucero and O’Connell, A. D. and Sank, D. and Wang, H. and Weides, M. and Cleland, A. N. and John, M. Martinis},
   title = {Wirebond crosstalk and cavity modes in large chip mounts for superconducting qubits},
   journal = {Superconductor Science and Technology},
   volume = {24},
   number = {6},
   pages = {065001},
   ISSN = {0953-2048},
   url = {http://stacks.iop.org/0953-2048/24/i=6/a=065001},
   year = {2011},
   type = {Journal Article}
}



@article{goppl2008coplanar,
  title={Coplanar waveguide resonators for circuit quantum electrodynamics},
  author={G{\"o}ppl, M and Fragner, A and Baur, M and Bianchetti, R and Filipp, S and Fink, JM and Leek, PJ and Puebla, G and Steffen, L and Wallraff, Andreas},
  journal={Journal of Applied Physics},
  volume={104},
  number={11},
  pages={113904},
  year={2008},
  publisher={AIP}
}


@book{grover2004inductance,
  title={Inductance Calculations: Working Formulas and Tables},
  author={Grover, F.W.},
  isbn={9780486495774},
  lccn={2004041435},
  series={Dover phoenix editions},
  url={https://books.google.com/books?id=K3KHi9lIltsC},
  year={2004},
  publisher={Dover Publications}
}


@article{Wendin2016,
   author = {Wendin, G.},
   title = {Quantum information processing with supercond circuit: a review},
   journal = {ArXiv preprint arXiv:1610.02208},
   year = {2016},
   type = {Journal Article}
}

@phdthesis{Raab2015,
   author = {Raab, Reilly P.},
   title = {Single-Gate Error for Superconducting Qubits Imposed by Sideband Products of IQ Mixing},
   year = {2015},
   type = {Thesis}
}

@article{Martinis2014Report,
   author = {Martinis, John M. and Megrant, A.},
   title = {UCSB final report for the CSQ program: Review of decoherence and materials physics for superconducting qubits},
   journal = {arXiv:1410.5793},
   url = {http://arXiv.org/abs/1410.5793},
   year = {2014},
   type = {Journal Article}
}

@article{Nakamura1997,
  title = {Spectroscopy of Energy-Level Splitting between Two Macroscopic Quantum States of Charge Coherently Superposed by Josephson Coupling},
  author = {Nakamura, Y. and Chen, C. D. and Tsai, J. S.},
  journal = {Phys. Rev. Lett.},
  volume = {79},
  issue = {12},
  pages = {2328--2331},
  numpages = {0},
  year = {1997},
  month = {Sep},
  publisher = {American Physical Society},
  doi = {10.1103/PhysRevLett.79.2328},
  url = {https://link.aps.org/doi/10.1103/PhysRevLett.79.2328}
}

@article{Collin2004,
   author = {Collin, E. and Ithier, G. and Aassime, A. and Joyez, P. and Vion, D. and Esteve, D.},
   title = {NMR-like Control of a Quantum Bit Superconducting Circuit},
   journal = {Physical Review Letters},
   volume = {93},
   number = {15},
   pages = {157005},
   note = {PRL},
   url = {https://link.aps.org/doi/10.1103/PhysRevLett.93.157005},
   year = {2004},
   type = {Journal Article}
}


@book{walls2007quantum,
  title={Quantum optics},
  author={Walls, Daniel F and Milburn, Gerard J},
  year={2007},
  publisher={Springer Science \& Business Media}
}

@article{Barends2013Coherent,
   author = {Barends, R. and Kelly, J. and Megrant, A. and Sank, D. and Jeffrey, E. and Chen, Y. and Yin, Y. and Chiaro, B. and Mutus, J. and Neill, C. and O’Malley, P. and Roushan, P. and Wenner, J. and White, T. C. and Cleland, A. N. and Martinis, John M.},
   title = {Coherent Josephson Qubit Suitable for Scalable Quantum Integrated Circuits},
   journal = {Physical Review Letters},
   volume = {111},
   number = {8},
   pages = {080502},
   note = {PRL},
   url = {http://link.aps.org/doi/10.1103/PhysRevLett.111.080502},
   year = {2013},
   type = {Journal Article}
}

@article{Mallet2009,
   author = {Mallet, Francois and Ong, Florian R. and Palacios-Laloy, Agustin and Nguyen, Francois and Bertet, Patrice and Vion, Denis and Esteve, Daniel},
   title = {Single-shot qubit readout in circuit quantum electrodynamics},
   journal = {Nat Phys},
   volume = {5},
   number = {11},
   pages = {791-795},
   note = {10.1038/nphys1400},
   ISSN = {1745-2473},
   url = {http://dx.doi.org/10.1038/nphys1400},
   year = {2009},
   type = {Journal Article}
}


@phdthesis{Sliwa2016,
   author = {Sliwa, K},
   title = {Improving the Quality of Heisenberg Back-Action of Qubit Measurements made with Parametric Ampliers},
   year = {2016},
   type = {Thesis}
}


@online{IBM16Qubits,
  author =      {{IBM Research}},
  title =       {IBM builds its most powerful universal quantum computing processors},
  citedate =    {2017-5-29},
  url =         {https://phys.org/news/2017-05-ibm-powerful-universal-quantum-processors.html},
}



@online{IBM16QubitsOriginal,
  author =      {{IBM Research}},
  title =       {IBM builds its most powerful universal quantum computing processors},
  citedate =    {2017-5-30},
  url =         {http://www-03.ibm.com/press/us/en/pressrelease/52403.wss},
}



@online{IBMQ,
  author =      {{IBM Research}},
  title =       {IBM Q},
  citedate =    {2017-5-30},
  url =         {http://research.ibm.com/ibm-q/},
}



@article{Nakamura1999,
   author = {Nakamura, Y. and Pashkin, Yu A. and Tsai, J. S.},
   title = {Coherent control of macroscopic quantum states in a single-Cooper-pair box},
   journal = {Nature},
   volume = {398},
   number = {6730},
   pages = {786-788},
   note = {10.1038/19718},
   ISSN = {0028-0836},
   url = {http://dx.doi.org/10.1038/19718},
   year = {1999},
   type = {Journal Article}
}



@article{Nakamura2002,
   author = {Nakamura, Y. and Pashkin, Yu A. and Yamamoto, T. and Tsai, J. S.},
   title = {Charge Echo in a Cooper-Pair Box},
   journal = {Physical Review Letters},
   volume = {88},
   number = {4},
   pages = {047901},
   note = {PRL},
   url = {https://link.aps.org/doi/10.1103/PhysRevLett.88.047901},
   year = {2002},
   type = {Journal Article}
}



@article{Vion2002,
   author = {Vion, D. and Aassime, A. and Cottet, A. and Joyez, P. and Pothier, H. and Urbina, C. and Esteve, D. and Devoret, M. H.},
   title = {Manipulating the Quantum State of an Electrical Circuit},
   journal = {Science},
   volume = {296},
   number = {5569},
   pages = {886-889},
   DOI = {10.1126/science.1069372},
   year = {2002},
   type = {Journal Article}
}

@article{Pashkin2003,
   author = {Pashkin, Yu A. and Yamamoto, T. and Astafiev, O. and Nakamura, Y. and Averin, D. V. and Tsai, J. S.},
   title = {Quantum oscillations in two coupled charge qubits},
   journal = {Nature},
   volume = {421},
   number = {6925},
   pages = {823-826},
   note = {10.1038/nature01365},
   ISSN = {0028-0836},
   url = {http://dx.doi.org/10.1038/nature01365},
   year = {2003},
   type = {Journal Article}
}

@article{Gambetta2006,
   author = {Gambetta, Jay and Blais, Alexandre and Schuster, D. I. and Wallraff, A. and Frunzio, L. and Majer, J. and Devoret, M. H. and Girvin, S. M. and Schoelkopf, R. J.},
   title = {Qubit-photon interactions in a cavity: Measurement-induced dephasing and number splitting},
   journal = {Physical Review A},
   volume = {74},
   number = {4},
   pages = {042318},
   note = {PRA},
   url = {https://link.aps.org/doi/10.1103/PhysRevA.74.042318},
   year = {2006},
   type = {Journal Article}
}

@article{Schuster2005,
   author = {Schuster, DI and Wallraff, Andreas and Blais, Alexandre and Frunzio, L and Huang, R-S and Majer, J and Girvin, SM and Schoelkopf, RJ},
   title = {ac Stark shift and dephasing of a superconducting qubit strongly coupled to a cavity field},
   journal = {Physical Review Letters},
   volume = {94},
   number = {12},
   pages = {123602},
   year = {2005},
   type = {Journal Article}
}

@article{Makhlin2001,
   author = {Makhlin, Yuriy and Sch\"on, Gerd and Shnirman, Alexander},
   title = {Quantum-state engineering with Josephson-junction devices},
   journal = {Reviews of Modern Physics},
   volume = {73},
   number = {2},
   pages = {357-400},
   note = {RMP},
   url = {https://link.aps.org/doi/10.1103/RevModPhys.73.357},
   year = {2001},
   type = {Journal Article}
}

@article{Schreier2008,
   author = {Schreier, J. A. and Houck, A. A. and Koch, Jens and Schuster, D. I. and Johnson, B. R. and Chow, J. M. and Gambetta, J. M. and Majer, J. and Frunzio, L. and Devoret, M. H. and Girvin, S. M. and Schoelkopf, R. J.},
   title = {Suppressing charge noise decoherence in superconducting charge qubits},
   journal = {Physical Review B},
   volume = {77},
   number = {18},
   pages = {180502},
   note = {PRB},
   url = {http://link.aps.org/doi/10.1103/PhysRevB.77.180502},
   year = {2008},
   type = {Journal Article}
}


@article{Clarke2008,
   author = {Clarke, John and Wilhelm, Frank K},
   title = {Superconducting quantum bits},
   journal = {Nature},
   volume = {453},
   number = {7198},
   pages = {1031-1042},
   ISSN = {0028-0836},
   year = {2008},
   type = {Journal Article}
}


@article{Majer2007,
   author = {Majer, J. and Chow, J. M. and Gambetta, J. M. and Koch, Jens and Johnson, B. R. and Schreier, J. A. and Frunzio, L. and Schuster, D. I. and Houck, A. A. and Wallraff, A. and Blais, A. and Devoret, M. H. and Girvin, S. M. and Schoelkopf, R. J.},
   title = {Coupling superconducting qubits via a cavity bus},
   journal = {Nature},
   volume = {449},
   number = {7161},
   pages = {443-447},
   note = {10.1038/nature06184},
   ISSN = {0028-0836},
   url = {http://dx.doi.org/10.1038/nature06184},
   year = {2007},
   type = {Journal Article}
}

@article{Sillanpaa2007,
   author = {Sillanpaa, Mika A. and Park, Jae I. and Simmonds, Raymond W.},
   title = {Coherent quantum state storage and transfer between two phase qubits via a resonant cavity},
   journal = {Nature},
   volume = {449},
   number = {7161},
   pages = {438-442},
   note = {10.1038/nature06124},
   ISSN = {0028-0836},
   url = {http://dx.doi.org/10.1038/nature06124},
   year = {2007},
   type = {Journal Article}
}

@article{Filipp2009,
   author = {Filipp, S. and Maurer, P. and Leek, P. J. and Baur, M. and Bianchetti, R. and Fink, J. M. and Göppl, M. and Steffen, L. and Gambetta, J. M. and Blais, A. and Wallraff, A.},
   title = {Two-Qubit State Tomography Using a Joint Dispersive Readout},
   journal = {Physical Review Letters},
   volume = {102},
   number = {20},
   pages = {200402},
   note = {PRL},
   url = {http://link.aps.org/doi/10.1103/PhysRevLett.102.200402},
   year = {2009},
   type = {Journal Article}
}

@article{Schuster2007Resolving,
   author = {Schuster, D. I. and Houck, A. A. and Schreier, J. A. and Wallraff, A. and Gambetta, J. M. and Blais, A. and Frunzio, L. and Majer, J. and Johnson, B. and Devoret, M. H. and Girvin, S. M. and Schoelkopf, R. J.},
   title = {Resolving photon number states in a superconducting circuit},
   journal = {Nature},
   volume = {445},
   number = {7127},
   pages = {515-518},
   note = {10.1038/nature05461},
   ISSN = {0028-0836},
   url = {http://dx.doi.org/10.1038/nature05461},
   year = {2007},
   type = {Journal Article}
}

@article{DiCarlo2009,
   author = {DiCarlo, L. and Chow, J. M. and Gambetta, J. M. and Bishop, Lev S. and Johnson, B. R. and Schuster, D. I. and Majer, J. and Blais, A. and Frunzio, L. and Girvin, S. M. and Schoelkopf, R. J.},
   title = {Demonstration of two-qubit algorithms with a superconducting quantum processor},
   journal = {Nature},
   volume = {460},
   number = {7252},
   pages = {240-244},
   note = {10.1038/nature08121},
   ISSN = {0028-0836},
   DOI = {http://www.nature.com/nature/journal/v460/n7252/suppinfo/nature08121_S1.html},
   url = {http://dx.doi.org/10.1038/nature08121},
   year = {2009},
   type = {Journal Article}
}

@article{DiCarlo2010,
   author = {DiCarlo, L. and Reed, M. D. and Sun, L. and Johnson, B. R. and Chow, J. M. and Gambetta, J. M. and Frunzio, L. and Girvin, S. M. and Devoret, M. H. and Schoelkopf, R. J.},
   title = {Preparation and measurement of three-qubit entanglement in a superconducting circuit},
   journal = {Nature},
   volume = {467},
   number = {7315},
   pages = {574-578},
   note = {10.1038/nature09416},
   ISSN = {0028-0836},
   DOI = {http://www.nature.com/nature/journal/v467/n7315/abs/nature09416.html#supplementary-information},
   url = {http://dx.doi.org/10.1038/nature09416},
   year = {2010},
   type = {Journal Article}
}

@article{Paik2011,
   author = {Paik, Hanhee and Schuster, D. I. and Bishop, Lev S. and Kirchmair, G. and Catelani, G. and Sears, A. P. and Johnson, B. R. and Reagor, M. J. and Frunzio, L. and Glazman, L. I. and Girvin, S. M. and Devoret, M. H. and Schoelkopf, R. J.},
   title = {Observation of High Coherence in Josephson Junction Qubits Measured in a Three-Dimensional Circuit QED Architecture},
   journal = {Physical Review Letters},
   volume = {107},
   number = {24},
   pages = {240501},
   note = {PRL},
   url = {http://link.aps.org/doi/10.1103/PhysRevLett.107.240501},
   year = {2011},
   type = {Journal Article}
}

@article{Rigetti2012,
   author = {Rigetti, Chad and Gambetta, Jay M. and Poletto, Stefano and Plourde, B. L. T. and Chow, Jerry M. and Córcoles, A. D. and Smolin, John A. and Merkel, Seth T. and Rozen, J. R. and Keefe, George A. and Rothwell, Mary B. and Ketchen, Mark B. and Steffen, M.},
   title = {Superconducting qubit in a waveguide cavity with a coherence time approaching 0.1 ms},
   journal = {Physical Review B},
   volume = {86},
   number = {10},
   pages = {100506},
   note = {PRB},
   url = {https://link.aps.org/doi/10.1103/PhysRevB.86.100506},
   year = {2012},
   type = {Journal Article}
}

@article{Fowler2012,
   author = {Fowler, Austin G. and Mariantoni, Matteo and Martinis, John M. and Cleland, Andrew N.},
   title = {Surface codes: Towards practical large-scale quantum computation},
   journal = {Physical Review A},
   volume = {86},
   number = {3},
   pages = {032324},
   note = {PRA},
   url = {http://link.aps.org/doi/10.1103/PhysRevA.86.032324},
   year = {2012},
   type = {Journal Article}
}

@article{Barends2014,
   author = {Barends, R. and Kelly, J. and Megrant, A. and Veitia, A. and Sank, D. and Jeffrey, E. and White, T. C. and Mutus, J. and Fowler, A. G. and Campbell, B. and Chen, Y. and Chen, Z. and Chiaro, B. and Dunsworth, A. and Neill, C. and O/'Malley, P. and Roushan, P. and Vainsencher, A. and Wenner, J. and Korotkov, A. N. and Cleland, A. N. and Martinis, John M.},
   title = {Superconducting quantum circuits at the surface code threshold for fault tolerance},
   journal = {Nature},
   volume = {508},
   number = {7497},
   pages = {500-503},
   ISSN = {0028-0836},
   DOI = {10.1038/nature13171},
   url = {http://dx.doi.org/10.1038/nature13171},
   year = {2014},
   type = {Journal Article}
}

@article{Kelly2015,
   author = {Kelly, J. and Barends, R. and Fowler, A. G. and Megrant, A. and Jeffrey, E. and White, T. C. and Sank, D. and Mutus, J. Y. and Campbell, B. and Chen, Yu and Chen, Z. and Chiaro, B. and Dunsworth, A. and Hoi, I. C. and Neill, C. and O/'Malley, P. J. J. and Quintana, C. and Roushan, P. and Vainsencher, A. and Wenner, J. and Cleland, A. N. and Martinis, John M.},
   title = {State preservation by repetitive error detection in a superconducting quantum circuit},
   journal = {Nature},
   volume = {519},
   number = {7541},
   pages = {66-69},
   ISSN = {0028-0836},
   DOI = {10.1038/nature14270},
   url = {http://dx.doi.org/10.1038/nature14270},
   year = {2015},
   type = {Journal Article}
}

@article{Mlynek2014,
   author = {Mlynek, J. A. and Abdumalikov, A. A. and Eichler, C. and Wallraff, A.},
   title = {Observation of Dicke superradiance for two artificial atoms in a cavity with high decay rate},
   journal = {Nature Communications},
   volume = {5},
   pages = {5186},
   DOI = {10.1038/ncomms6186},
   url = {http://dx.doi.org/10.1038/ncomms6186},
   year = {2014},
   type = {Journal Article}
}

@article{Pechal2016,
   author = {Pechal, M. and Besse, J. C. and Mondal, M. and Oppliger, M. and Gasparinetti, S. and Wallraff, A.},
   title = {Superconducting Switch for Fast On-Chip Routing of Quantum Microwave Fields},
   journal = {Physical Review Applied},
   volume = {6},
   number = {2},
   pages = {024009},
   note = {PRAPPLIED},
   url = {http://link.aps.org/doi/10.1103/PhysRevApplied.6.024009},
   year = {2016},
   type = {Journal Article}
}

@article{Walter2017,
   author = {Walter, T. and Kurpiers, P. and Gasparinetti, S. and Magnard, P. and Potočnik, A. and Salathé, Y. and Pechal, M. and Mondal, M. and Oppliger, M. and Eichler, C. and Wallraff, A.},
   title = {Rapid High-Fidelity Single-Shot Dispersive Readout of Superconducting Qubits},
   journal = {Physical Review Applied},
   volume = {7},
   number = {5},
   pages = {054020},
   note = {PRAPPLIED},
   url = {https://link.aps.org/doi/10.1103/PhysRevApplied.7.054020},
   year = {2017},
   type = {Journal Article}
}

@article{Chow2014,
   author = {Chow, Jerry M. and Gambetta, Jay M. and Magesan, Easwar and Abraham, David W. and Cross, Andrew W. and Johnson, B. R. and Masluk, Nicholas A. and Ryan, Colm A. and Smolin, John A. and Srinivasan, Srikanth J. and Steffen, M.},
   title = {Implementing a strand of a scalable fault-tolerant quantum computing fabric},
   journal = {Nature Communications},
   volume = {5},
   pages = {4015},
   DOI = {10.1038/ncomms5015},
   url = {http://dx.doi.org/10.1038/ncomms5015},
   year = {2014},
   type = {Journal Article}
}

@article{Takita2017,
   author = {Takita, Maika and Cross, Andrew W. and Córcoles, A. D. and Chow, Jerry M. and Gambetta, Jay M.},
   title = {Experimental demonstration of fault-tolerant state preparation with superconducting qubits},
   journal = {arXiv:1705.09259},
   url = {http://arXiv.org/abs/1705.09259},
   year = {2017},
   type = {Journal Article}
}

@article{Versluis2016,
   author = {Versluis, R. and Poletto, S. and Khammassi, N. and Haider, N. and Michalak, D. J. and Bruno, A. and Bertels, K. and DiCarlo, L.},
   title = {Scalable quantum circuit and control for a superconducting surface code},
   journal = {arXiv:1612.08208},
   url = {http://arXiv.org/abs/1612.08208},
   year = {2016},
   type = {Journal Article}
}

@article{Song2017,
   author = {Song, Chao and Xu, Kai and Liu, Wuxin and Yang, Chuiping and Zheng, Shi-Biao and Deng, Hui and Xie, Qiwei and Huang, Keqiang and Guo, Qiujiang and Zhang, Libo and Zhang, Pengfei and Xu, Da and Zheng, Dongning and Zhu, Xiaobo and Wang, H. and Chen, Y. A. and Lu, C. Y. and Han, Siyuan and Pan, J. W.},
   title = {10-qubit entanglement and parallel logic operations with a superconducting circuit},
   journal = {arXiv:1703.10302},
   url = {http://arXiv.org/abs/1703.10302},
   year = {2017},
   type = {Journal Article}
}

@article{Minev2016,
   author = {Minev, Z.  K and Serniak, K. and Pop, I.  M and Leghtas, Z. and Sliwa, K. and Hatridge, M. and Frunzio, L. and Schoelkopf, R.  J and Devoret, M.  H},
   title = {Planar Multilayer Circuit Quantum Electrodynamics},
   journal = {Physical Review Applied},
   volume = {5},
   number = {4},
   pages = {044021},
   note = {PRAPPLIED},
   url = {https://link.aps.org/doi/10.1103/PhysRevApplied.5.044021},
   year = {2016},
   type = {Journal Article}
}

@article{Axline2016,
   author = {Axline, C. and Reagor, M. and Heeres, R. and Reinhold, P. and Wang, C. and Shain, K. and Pfaff, W. and Chu, Y. and Frunzio, L. and Schoelkopf, R. J.},
   title = {An architecture for integrating planar and 3D cQED devices},
   journal = {Applied Physics Letters},
   volume = {109},
   number = {4},
   pages = {042601},
   keywords = {coaxial cables,coupled circuits,electronics packaging,quantum electrodynamics,strip line resonators,superconducting cavity resonators,superconducting filters},
   DOI = {10.1063/1.4959241},
   url = {http://aip.scitation.org/doi/abs/10.1063/1.4959241},
   year = {2016},
   type = {Journal Article}
}

@article{Yorozu2006,
   author = {Yorozu, S. and Miyazaki, T. and Semenov, V. and Nakamura, Y. and Hashimoto, Y. and Hinode, K. and Sato, T. and Kameda, Y. and Tsai, J. S.},
   title = {Sub-Kelvin single flux quantum control circuits and multi-chip packaging for supporting superconducting qubit},
   journal = {Journal of Physics: Conference Series},
   volume = {43},
   number = {1},
   pages = {1417},
   ISSN = {1742-6596},
   url = {http://stacks.iop.org/1742-6596/43/i=1/a=347},
   year = {2006},
   type = {Journal Article}
}

@article{Palomaki2013,
   author = {Palomaki, T. A. and Harlow, J. W. and Teufel, J. D. and Simmonds, R. W. and Lehnert, K. W.},
   title = {Coherent state transfer between itinerant microwave fields and a mechanical oscillator},
   journal = {Nature},
   volume = {495},
   number = {7440},
   pages = {210-214},
   note = {10.1038/nature11915},
   ISSN = {0028-0836},
   DOI = {http://www.nature.com/nature/journal/v495/n7440/abs/nature11915.html#supplementary-information},
   url = {http://dx.doi.org/10.1038/nature11915},
   year = {2013},
   type = {Journal Article}
}

@article{Reed2017,
   author = {Reed, A. P. and Mayer, K. H. and Teufel, J. D. and Burkhart, L. D. and Pfaff, W. and Reagor, M. and Sletten, L. and Ma, X. and Schoelkopf, R. J. and Knill, E. and Lehnert, K. W.},
   title = {Faithful conversion of propagating quantum information to mechanical motion},
   journal = {arXiv:1703.02548},
   url = {http://arXiv.org/abs/1703.02548},
   year = {2017},
   type = {Journal Article}
}

@article{Keller2017,
   author = {Keller, Andrew J. and Dieterle, Paul B. and Fang, Michael and Berger, Brett and Fink, Johannes M. and Painter, Oskar},
   title = {Superconducting qubits on silicon substrates for quantum device integration},
   journal = {arXiv:1703.10195},
   url = {http://arXiv.org/abs/1703.10195},
   year = {2017},
   type = {Journal Article}
}

@article{Shin2014,
   author = {Shin, Seung Woo and Smith, Graeme and Smolin, John A. and Vazirani, Umesh},
   title = {How "Quantum" is the D-Wave Machine?},
   journal = {arXiv:1401.7087},
   url = {http://arXiv.org/abs/1401.7087},
   year = {2014},
   type = {Journal Article}
}


@article{Wang2009,
   author = {Wang, H. and Hofheinz, M. and Wenner, J. and Ansmann, M. and Bialczak, R. C. and Lenander, M. and Lucero, Erik and Neeley, M. and O’Connell, A. D. and Sank, D. and Weides, M. and Cleland, A. N. and Martinis, John M.},
   title = {Improving the coherence time of superconducting coplanar resonators},
   journal = {Applied Physics Letters},
   volume = {95},
   number = {23},
   pages = {233508},
   DOI = {10.1063/1.3273372},
   url = {http://aip.scitation.org/doi/abs/10.1063/1.3273372},
   year = {2009},
   type = {Journal Article}
}

@article{Gao2008Exp,
   author = {Gao, Jiansong and Daal, Miguel and Vayonakis, Anastasios and Kumar, Shwetank and Zmuidzinas, Jonas and Sadoulet, Bernard and Mazin, Benjamin A. and Day, Peter K. and Leduc, Henry G.},
   title = {Experimental evidence for a surface distribution of two-level systems in superconducting lithographed microwave resonators},
   journal = {Applied Physics Letters},
   volume = {92},
   number = {15},
   pages = {152505},
   DOI = {10.1063/1.2906373},
   url = {http://aip.scitation.org/doi/abs/10.1063/1.2906373},
   year = {2008},
   type = {Journal Article}
}

@article{Wenner2011Surface,
   author = {Wenner, J. and Barends, R. and Bialczak, R. C. and Chen, Yu and Kelly, J. and Lucero, Erik and Mariantoni, Matteo and Megrant, A. and O’Malley, P. J. J. and Sank, D. and Vainsencher, A. and Wang, H. and White, T. C. and Yin, Y. and Zhao, J. and Cleland, A. N. and Martinis, John M.},
   title = {Surface loss simulations of superconducting coplanar waveguide resonators},
   journal = {Applied Physics Letters},
   volume = {99},
   number = {11},
   pages = {113513},
   DOI = {10.1063/1.3637047},
   url = {http://aip.scitation.org/doi/abs/10.1063/1.3637047},
   year = {2011},
   type = {Journal Article}
}

@article{Reagor2013,
   author = {Reagor, Matthew and Paik, Hanhee and Catelani, Gianluigi and Sun, Luyan and Axline, Christopher and Holland, Eric and Pop, Ioan M. and Masluk, Nicholas A. and Brecht, Teresa and Frunzio, Luigi and Devoret, Michel H. and Glazman, Leonid and Schoelkopf, Robert J.},
   title = {Reaching 10 ms single photon lifetimes for superconducting aluminum cavities},
   journal = {Applied Physics Letters},
   volume = {102},
   number = {19},
   pages = {192604},
   DOI = {doi:http://dx.doi.org/10.1063/1.4807015},
   url = {http://scitation.aip.org/content/aip/journal/apl/102/19/10.1063/1.4807015},
   year = {2013},
   type = {Journal Article}
}

@phdthesis{Reagor2015thesis,
   author = {Reagor, M. J.},
   title = {Superconducting Cavities for Circuit Quantum Electrodynamics},
   year = {2015},
   type = {Thesis}
}

@article{Motzoi2009,
   author = {Motzoi, F. and Gambetta, J. M. and Rebentrost, P. and Wilhelm, F. K.},
   title = {Simple Pulses for Elimination of Leakage in Weakly Nonlinear Qubits},
   journal = {Physical Review Letters},
   volume = {103},
   number = {11},
   pages = {110501},
   note = {PRL},
   url = {https://link.aps.org/doi/10.1103/PhysRevLett.103.110501},
   year = {2009},
   type = {Journal Article}
}

@article{Rigetti2010,
   author = {Rigetti, Chad and Devoret, Michel},
   title = {Fully microwave-tunable universal gates in superconducting qubits with linear couplings and fixed transition frequencies},
   journal = {Physical Review B},
   volume = {81},
   number = {13},
   pages = {134507},
   note = {PRB},
   url = {https://link.aps.org/doi/10.1103/PhysRevB.81.134507},
   year = {2010},
   type = {Journal Article}
}

@article{Cross2015,
   author = {Cross, Andrew W. and Gambetta, Jay M.},
   title = {Optimized pulse shapes for a resonator-induced phase gate},
   journal = {Physical Review A},
   volume = {91},
   number = {3},
   pages = {032325},
   note = {PRA},
   url = {https://link.aps.org/doi/10.1103/PhysRevA.91.032325},
   year = {2015},
   type = {Journal Article}
}

@article{Paik2016,
   author = {Paik, Hanhee and Mezzacapo, A. and Sandberg, Martin and McClure, D.  T and Abdo, B. and Córcoles, A.  D and Dial, O. and Bogorin, D.  F and Plourde, B.  L  T and Steffen, M. and Cross, A.  W and Gambetta, J.  M and Chow, Jerry M.},
   title = {Experimental Demonstration of a Resonator-Induced Phase Gate in a Multiqubit Circuit-QED System},
   journal = {Physical Review Letters},
   volume = {117},
   number = {25},
   pages = {250502},
   note = {PRL},
   url = {https://link.aps.org/doi/10.1103/PhysRevLett.117.250502},
   year = {2016},
   type = {Journal Article}
}

@article{Bergeal2010,
   author = {Bergeal, N. and Schackert, F. and Metcalfe, M. and Vijay, R. and Manucharyan, V. E. and Frunzio, L. and Prober, D. E. and Schoelkopf, R. J. and Girvin, S. M. and Devoret, M. H.},
   title = {Phase-preserving amplification near the quantum limit with a Josephson ring modulator},
   journal = {Nature},
   volume = {465},
   number = {7294},
   pages = {64-68},
   note = {10.1038/nature09035},
   ISSN = {0028-0836},
   DOI = {http://www.nature.com/nature/journal/v465/n7294/suppinfo/nature09035_S1.html},
   url = {http://dx.doi.org/10.1038/nature09035},
   year = {2010},
   type = {Journal Article}
}

@article{Siddiqi2004,
  title = {RF-Driven Josephson Bifurcation Amplifier for Quantum Measurement},
  author = {Siddiqi, I. and Vijay, R. and Pierre, F. and Wilson, C. M. and Metcalfe, M. and Rigetti, C. and Frunzio, L. and Devoret, M. H.},
  journal = {Phys. Rev. Lett.},
  volume = {93},
  issue = {20},
  pages = {207002},
  numpages = {4},
  year = {2004},
  month = {Nov},
  publisher = {American Physical Society},
  doi = {10.1103/PhysRevLett.93.207002},
  url = {https://link.aps.org/doi/10.1103/PhysRevLett.93.207002}
}


@online{SteffenViewpoint,
  author =      {Matthias Steffen},
  title =       {Viewpoint: Superconducting Qubits Are Getting Serious},
  citedate =    {2017-5-30},
  url =         {https://physics.aps.org/articles/v4/103},
}


@article{Barends2011,
   author = {Barends, R. and Wenner, J. and Lenander, M. and Chen, Y. and Bialczak, R. C. and Kelly, J. and Lucero, E. and O'Malley, P. and Mariantoni, M. and Sank, D. and Wang, H. and White, T. C. and Yin, Y. and Zhao, J. and Cleland, A. N. and Martinis, John M. and Baselmans, J. J. A.},
   title = {Minimizing quasiparticle generation from stray infrared light in superconducting quantum circuits},
   journal = {Applied Physics Letters},
   volume = {99},
   number = {11},
   pages = {113507},
   DOI = {10.1063/1.3638063},
   url = {http://aip.scitation.org/doi/abs/10.1063/1.3638063},
   year = {2011},
   type = {Journal Article}
}

@article{Corcoles2011,
   author = {C\'orcoles, Antonio D. and Chow, Jerry M. and Gambetta, Jay M. and Rigetti, Chad and Rozen, J. R. and Keefe, George A. and Rothwell, Mary Beth and Ketchen, Mark B. and Steffen, M.},
   title = {Protecting superconducting qubits from radiation},
   journal = {Applied Physics Letters},
   volume = {99},
   number = {18},
   pages = {181906},
   DOI = {10.1063/1.3658630},
   url = {http://aip.scitation.org/doi/abs/10.1063/1.3658630},
   year = {2011},
   type = {Journal Article}
}

@article{Chen2014,
   author = {Chen, Zijun and Megrant, A. and Kelly, J. and Barends, R. and Bochmann, J. and Chen, Yu and Chiaro, B. and Dunsworth, A. and Jeffrey, E. and Mutus, J. Y. and O'Malley, P. J. J. and Neill, C. and Roushan, P. and Sank, D. and Vainsencher, A. and Wenner, J. and White, T. C. and Cleland, A. N. and Martinis, John M.},
   title = {Fabrication and characterization of aluminum airbridges for superconducting microwave circuits},
   journal = {Applied Physics Letters},
   volume = {104},
   number = {5},
   pages = {052602},
   DOI = {10.1063/1.4863745},
   url = {http://aip.scitation.org/doi/abs/10.1063/1.4863745},
   year = {2014},
   type = {Journal Article}
}

@article{Kerckhoff2015,
   author = {Kerckhoff, Joseph and Lalumière, Kevin and Chapman, Benjamin J. and Blais, Alexandre and Lehnert, K.  W},
   title = {On-Chip Superconducting Microwave Circulator from Synthetic Rotation},
   journal = {Physical Review Applied},
   volume = {4},
   number = {3},
   pages = {034002},
   note = {PRAPPLIED},
   url = {https://link.aps.org/doi/10.1103/PhysRevApplied.4.034002},
   year = {2015},
   type = {Journal Article}
}

@article{Mooij1999,
   author = {Mooij, J. E. and Orlando, T. P. and Levitov, L. and Tian, Lin and van der Wal, Caspar H. and Lloyd, Seth},
   title = {Josephson Persistent-Current Qubit},
   journal = {Science},
   volume = {285},
   number = {5430},
   pages = {1036-1039},
   DOI = {10.1126/science.285.5430.1036},
   year = {1999},
   type = {Journal Article}
}

@article{Kelly2014,
   author = {Kelly, J. and Barends, R. and Campbell, B. and Chen, Y. and Chen, Z. and Chiaro, B. and Dunsworth, A. and Fowler, A. G. and Hoi, I. C. and Jeffrey, E. and Megrant, A. and Mutus, J. and Neill, C. and O'Malley, P. J. J. and Quintana, C. and Roushan, P. and Sank, D. and Vainsencher, A. and Wenner, J. and White, T. C. and Cleland, A. N. and Martinis, John M.},
   title = {Optimal Quantum Control Using Randomized Benchmarking},
   journal = {Physical Review Letters},
   volume = {112},
   number = {24},
   pages = {240504},
   note = {PRL},
   url = {https://link.aps.org/doi/10.1103/PhysRevLett.112.240504},
   year = {2014},
   type = {Journal Article}
}

