
@article{DiVincenzo2000,
   author = {DiVincenzo, David P},
   title = {The physical implementation of quantum computation},
   journal = {arXiv preprint quant-ph/0002077},
   year = {2000},
   type = {Journal Article}
}


@phdthesis{Schuster2007,
   author = {Schuster, David Isaac},
   title = {Circuit quantum electrodynamics},
   year = {2007},
   type = {Thesis}
}

@book{Krantz2010TransmonFabri,
   author = {Krantz, Philip},
   title = {Investigation of transmon qubit designs: a study of plasma frequency predictability},
   publisher = {Chalmers University of Technology},
   year = {2010},
   type = {Book}
}


